@misc{TensorFl31:online,
author = {},
title = {TensorFlow vs Keras: Which One Should You Choose},
howpublished = {\url{https://analyticsindiamag.com/tensorflow-vs-keras-which-one-should-you-choose/}},
month = {},
year = {},
note = {(Accessed on 02/10/2020)}
}

@misc{Introduc31:online,
author = {},
title = {Introduction to 1D Convolutional Neural Networks in Keras for Time Sequences},
howpublished = {\url{https://blog.goodaudience.com/introduction-to-1d-convolutional-neural-networks-in-keras-for-time-sequences-3a7ff801a2cf}},
month = {},
year = {},
note = {(Accessed on 02/11/2020)}
}